
@inproceedings{ShehE03-chords,
	Author = {Alexander Sheh and Daniel P. W. Ellis},
	Booktitle = {Proc. Int. Conf. on Music Info. Retrieval ISMIR-03},
	Date-Modified = {2007-03-28 16:46:03 -0400},
	Location = {Baltimore MD},
	Pages = {185--191},
	Title = {Chord Segmentation and Recognition using {EM}-Trained Hidden Markov Models},
	Url = {http://www.ee.columbia.edu/~dpwe/pubs/ismir03-chords.pdf},
	Year = {2003},
	Bdsk-Url-1 = {http://www.ee.columbia.edu/~dpwe/pubs/ismir03-chords.pdf}}


@inproceedings{Ellis10-chords,
	Author = {Daniel P. W. Ellis and Adrian Weller},
	Booktitle = {{MIREX} 2010 System Abstracts},
	Date-Added = {2010-10-02 09:51:42 -0400},
	Date-Modified = {2010-10-02 09:53:25 -0400},
	Title = {The 2010 {LabROSA} chord recognition system},
	Year = {2010},
	Bdsk-Url-1 = {http://www.ee.columbia.edu/~dpwe/pubs/Ellis10-chords.pdf}}

@inproceedings{Fuji99-pcp, 
  author = {Takuya Fujishima}, 
  title = {Realtime Chord Recognition of Musical Sound: A System Using Common Lisp Music}, 
  booktitle = {Proc. ICMC}, 
  year = {1999}, 
  pages = {464--467}, 
  address = {Beijing},
}

@article{ni2012end,
  title={An end-to-end machine learning system for harmonic analysis of music},
  author={Ni, Yizhao and McVicar, Matt and Santos-Rodr{\'\i}guez, Ra{\'u}l and De Bie, Tijl},
  journal={Audio, Speech, and Language Processing, IEEE Transactions on},
  volume={20},
  number={6},
  pages={1771--1783},
  year={2012},
  publisher={IEEE}
}

@inproceedings{harte2005symbolic,
  title={Symbolic representation of musical chords: A proposed syntax for text annotations},
  author={Harte, Christopher and Sandler, Mark and Abdallah, Samer and G{\'o}mez, Emilia},
  booktitle={Proceedings of the International Conference on Music Information Retrieval (ISMIR)},
  pages={66--71},
  year={2005}
}

@article{mauch2010simultaneous,
  title={Simultaneous estimation of chords and musical context from audio},
  author={Mauch, Matthias and Dixon, Simon},
  journal={Audio, Speech, and Language Processing, IEEE Transactions on},
  volume={18},
  number={6},
  pages={1280--1289},
  year={2010},
  publisher={IEEE}
}

@inproceedings{oudre2009template,
  title={Template-based chord recognition: Influence of the chord types},
  author={Oudre, Laurent and Grenier, Yves and F{\'e}votte, C{\'e}dric},
  booktitle={Proceedings of the 10th International Society for Music Information Retrieval Conference (ISMIR 2009)},
  pages={153--158},
  year={2009}
}

@inproceedings{cho2010exploring,
  title={Exploring common variations in state of the art chord recognition systems},
  author={Cho, Taemin and Weiss, Ron J and Bello, Juan Pablo},
  booktitle={Proceedings of the Sound and Music Computing Conference (SMC)},
  pages={1--8},
  year={2010},
  organization={Citeseer}
}

@article{papadopoulos2011joint,
  title={Joint estimation of chords and downbeats from an audio signal},
  author={Papadopoulos, H{\'e}l{\`e}ne and Peeters, Geoffroy},
  journal={Audio, Speech, and Language Processing, IEEE Transactions on},
  volume={19},
  number={1},
  pages={138--152},
  year={2011},
  publisher={IEEE}
}
