%% Created for Jakob Suckale at 2007-09-06 11:30:44 +0200 
%% Saved with string encoding Unicode (UTF-8) 

@article{walker2004sphinx,
  title={Sphinx-4: A flexible open source framework for speech recognition},
  author={Walker, Willie and Lamere, Paul and Kwok, Philip and Raj, Bhiksha and Singh, Rita and Gouvea, Evandro and Wolf, Peter and Woelfel, Joe},
  year={2004},
  publisher={Sun Microsystems, Inc.}
}

@inproceedings{virtanen2008combining,
  title={Combining pitch-based inference and non-negative spectrogram factorization in separating vocals from polyphonic music},
  author={Virtanen, Tuomas and Mesaros, Annamaria and Ryyn{\"a}nen, Matti},
  booktitle={ISCA Tutorial and Research Workshop on Statistical And Perceptual Audition SAPA},
  year={2008}
}

@article{wightman1996aligner,
  title={The aligner: Text-to-speech alignment using Markov models},
  author={Wightman, Colin W and Talkin, David T},
  journal={Progress in speech synthesis},
  pages={313--323},
  year={1996},
  publisher={New York: Springer}
}


@inproceedings{aso2010speakbysinging,
  title={SpeakBySinging: Converting Singing Voices to Speaking Voices While Retaining Voice Timbre},
  author={Aso, Shimpei and Saitou, Takeshi and Goto, Masataka and Itoyama, Katsutoshi and Takahashi, Toru and Komatani, Kazunori and Ogata, Tetsuya and Okuno, Hiroshi G},
  booktitle={Proceedings of the 13th International Conference on Digital Audio Effects (DAFx-10)},
  pages={114--121},
  year={2010}
}

@inproceedings{saitou2007speech,
  title={Speech-to-singing synthesis: converting speaking voices to singing voices by controlling acoustic features unique to singing voices},
  author={Saitou, Takeshi and Goto, Masataka and Unoki, Masashi and Akagi, Masato},
  booktitle={Applications of Signal Processing to Audio and Acoustics, 2007 IEEE Workshop on},
  pages={215--218},
  year={2007},
  organization={IEEE}
}

@article{anderson1981love,
  title={Love Negative Lyrics: Some Shifts in Stature and Alterations in Song},
  author={Anderson, Bruce and Berger, David G and Denisoff, R Serge and Etzkorn, K Peter and Hesbacher, Peter},
  journal={Communications},
  volume={7},
  number={1},
  pages={3--20},
  year={1981}
}

@article{anderson2003exposure,
  title={Exposure to violent media: The effects of songs with violent lyrics on aggressive thoughts and feelings},
  author={Anderson, Craig A and Carnagey, Nicholas L and Eubanks, Janie and others},
  journal={Journal of personality and social psychology},
  volume={84},
  number={5},
  pages={960--971},
  year={2003},
  publisher={APA AMERICAN PSYCHOLOGICAL ASSOCIATION}
}

@inproceedings{huggins2006pocketsphinx,
  title={Pocketsphinx: A free, real-time continuous speech recognition system for hand-held devices},
  author={Huggins-Daines, David and Kumar, Mohit and Chan, Arthur and Black, Alan W and Ravishankar, Mosur and Rudnicky, Alex I},
  booktitle={Acoustics, Speech and Signal Processing, 2006. ICASSP 2006 Proceedings. 2006 IEEE International Conference on},
  volume={1},
  pages={I--I},
  year={2006},
  organization={IEEE}
}

@article{young2002htk,
  title={The HTK book},
  author={Young, Steve and Evermann, Gunnar and Gales, Mark and Hain, Thomas and Kershaw, Dan and Liu, Xunying and Moore, Gareth and Odell, Julian and Ollason, Dave and Povey, Dan and others},
  journal={Cambridge University Engineering Department},
  volume={3},
  year={2002}
}

@inproceedings{macrae2012ranking,
  title={Ranking lyrics for online search},
  author={Macrae, Robert and Dixon, Simon},
  booktitle={Proceedings of the 13th International Conference on Music Information Retrieval (ISMIR 2012)},
  year={2012}
}

@article{aminiinterplay,
  title={The Interplay of Information Retrieval and Query by Singing with Words},
  author={Amini, Iman and Uitdenbogerd, Alexandra L and Sanderson, Mark}
}

@inproceedings{wang2004lyrically,
  title={LyricAlly: automatic synchronization of acoustic musical signals and textual lyrics},
  author={Wang, Ye and Kan, Min-Yen and Nwe, Tin Lay and Shenoy, Arun and Yin, Jun},
  booktitle={Proceedings of the 12th annual ACM international conference on Multimedia},
  pages={212--219},
  year={2004},
  organization={ACM}
}

@article{hu2011exploring,
  title={Exploring the Relationship Between Mood and Creativity in Rock Lyrics},
  journal={12th International Society for Music Information Retrieval},
  author={Hu, Xiao and Yu, Bei},
  year={2011}
}

@article{ring2009finding,
  title={Finding ‘Lucy in Disguise’: The Misheard Lyric Matching Problem},
  author={Ring, Nicholas and Uitdenbogerd, Alexandra},
  journal={Information Retrieval Technology},
  pages={157--167},
  year={2009},
  publisher={Springer}
}

@inproceedings{hirjee2010solving,
  title={Solving misheard lyric search queries using a probabilistic model of speech sounds},
  author={Hirjee, Hussein and Brown, Daniel G},
  booktitle={Proceedings of the 11th International Society for Music Information Retrieval Conference},
  year={2010}
}

@article{hamasaki200822,
  title={A 22.2 multichannel sound system for ultrahigh-definition TV (UHDTV)},
  author={Hamasaki, K. and Nishiguchi, T. and Okumura, R. and Nakayama, Y. and Ando, A.},
  journal={SMPTE Motion Imaging Journal},
  volume={117},
  number={3},
  pages={40--49},
  year={2008},
  publisher={The Society of Motion Picture and Television Engineers}
}

@inproceedings{ono2008separation,
  title={Separation of a monaural audio signal into harmonic/percussive components by complementary diffusion on spectrogram},
  author={Ono, N. and Miyamoto, K. and Le Roux, J. and Kameoka, H. and Sagayama, S.},
  booktitle={Proceedings of European Signal Processing Conference},
  year={2008}
}

@article{brigham1967fast,
  title={The fast {F}ourier transform},
  author={Brigham, E.O. and Morrow, R.E.},
  journal={Spectrum, IEEE},
  volume={4},
  number={12},
  pages={63--70},
  year={1967},
  publisher={IEEE}
}

@ARTICLE{constantQ_1991,
  AUTHOR =       {J. Brown},
  TITLE =        {Calculation of a constant Q spectral transform},
  JOURNAL =      {Journal of the Acoustical Society of America},
  volume = {89},
  number = {1},
  YEAR =         {1991},
  pages = {425--434}
}

@ARTICLE{loudness_definition_1933,
  AUTHOR =       {H. Fletcher},
  TITLE =        { Loudness, its definition, measurement and calculation},
  JOURNAL =      {Journal of the Acoustical Society of America},
  volume = {5},
  number = {2},
  YEAR =         {1933},
  pages = {82}
}

@BOOK{a_weighting_book_1999,
  AUTHOR =       {M. T. Smith},
  TITLE =        {Audio engineer's reference book},
  PUBLISHER =    {Focal Press},
  YEAR =         {1999}
}

@BOOK{science_of_sound_1990,
  AUTHOR =       {T. D. Rossing},
  TITLE =        {The science of sound (second edition)},
  PUBLISHER =    {Addison-Wesley},
  YEAR =         {1990}
}

@book{deutsch1999psychology,
  title={The psychology of music},
  author={Deutsch, D.},
  year={1999},
  publisher={Academic Press}
}

@article{robinson1956re,
  title={A re-determination of the equal-loudness relations for pure tones},
  author={Robinson, D.W. and Dadson, R.S.},
  journal={British Journal of Applied Physics},
  volume={7},
  pages={166},
  year={1956},
  publisher={IOP Publishing}
}

@article{churcher1937performance,
  title={The performance of noise meters in terms of the primary standard},
  author={Churcher, BG and King, AJ},
  journal={Electrical Engineers, Journal of the Institution of},
  volume={81},
  number={487},
  pages={57--81},
  year={1937},
  publisher={IET}
}

@article{suzuki2003precise,
  title={Precise and full-range determination of two-dimensional equal loudness contours},
  author={Suzuki, Y. and Mellert, V. and Richter, U. and M{\o}ller, H. and Nielsen, L. and Hellman, R. and Ashihara, K. and Ozawa, K. and Takeshima, H.},
  journal={Tohoku University, Japan},
  year={2003}
}

@inproceedings{fujishima1999realtime,
  title={Realtime chord recognition of musical sound: a system using common lisp music},
  author={Fujishima, T.},
  booktitle={Proceedings of the International Computer Music Conference},
  pages={464--467},
  year={1999}
}

@Book{chafe1985techniques,
ALTauthor = {Chafe, C.},
title = {Techniques for note identification in polyphonic music},
publisher = {CCRMA, Department of Music, Stanford University},
year = {1985},
}


@inproceedings{chafe1986source,
  title={Source separation and note identification in polyphonic music},
  author={Chafe, C. and Jaffe, D.},
  booktitle={Acoustics, Speech, and Signal Processing, IEEE International Conference on},
  volume={11},
  pages={1289--1292},
  year={1986},
  organization={IEEE}
}

@article{leman1995music,
  title={Music and schema theory: Cognitive foundations of systematic musicology},
  author={Leman, M.},
  year={1995}
}

@article{martin1996blackboard,
  title={A blackboard system for automatic transcription of simple polyphonic music},
  author={Martin, K.D.},
  journal={Massachusetts Institute of Technology Media Laboratory Perceptual Computing Section Technical Report},
  number={385},
  year={1996}
}

@inproceedings{kashino1996music,
  title={A music scene analysis system with the {MRF}-based information integration scheme},
  author={Kashino, K. and Hagita, N.},
  booktitle={Pattern Recognition, Proceedings of the 13th International Conference on},
  volume={2},
  pages={725--729},
  year={1996},
  organization={IEEE}
}

@inproceedings{sheh2003chord,
  title={Chord segmentation and recognition using {EM}-trained hidden {M}arkov models},
  author={Sheh, A. and Ellis, D.P.W.},
  booktitle={Proceedings of the 4th International Society for Music Information Retrieval (ISMIR)},
  pages={183--189},
  year={2003}
}

@inproceedings{maddage2004content,
  title={Content-based music structure analysis with applications to music semantics understanding},
  author={Maddage, N.C. and Xu, C. and Kankanhalli, M.S. and Shao, X.},
  booktitle={Proceedings of the 12th annual ACM international conference on Multimedia},
  pages={112--119},
  year={2004},
  organization={ACM}
}

@inproceedings{bello2005robust,
  title={A robust mid-level representation for harmonic content in music signals},
  author={Bello, J.P. and Pickens, J.},
  booktitle={Proceedings of the 6th International Society for Music Information Retrieval (ISMIR)},
  pages={304--311},
  year={2005}
}

@inproceedings{harte2005automatic,
  title={Automatic chord identification using a quantised chromagram},
  author={Harte, C.A. and Sandler, M.},
  booktitle={Proceedings of the Audio Engineering Society},
  pages={291--301},
  year={2005}
}

@inproceedings{gmez2006song,
  title={The song remains the same: Identifying versions of the same piece using tonal descriptors},
  author={G{\'o}mez, E. and Herrera, P.},
  booktitle={Proceedings of the 7th International Conference on Music Information Retrieval (ISMIR)},
  pages={180--185},
  year={2006}
}

@inproceedings{peeters2006chroma,
  title={Chroma-based estimation of musical key from audio-signal analysis},
  author={Peeters, G.},
  booktitle={Proc. of the 7th International Conference on Music Information Retrieval (ISMIR)},
  pages={115--120},
  year={2006}
}

@article{catteau2007probabilistic,
  title={A probabilistic framework for audio-based tonal key and chord recognition},
  author={Catteau, B. and Martens, J.P. and Leman, M.},
  journal={Advances in Data Analysis},
  pages={637--644},
  year={2007},
  publisher={Springer}
}


@inproceedings{papadopoulos2007large,
  title={Large-scale study of chord estimation algorithms based on chroma representation and {HMM}},
  author={Papadopoulos, H. and Peeters, G.},
  booktitle={Content-Based Multimedia Indexing,  IEEE Workshop on.},
  pages={53--60},
  year={2007},
  organization={IEEE}
}

@inproceedings{zenz2007automatic,
  title={Automatic chord detection incorporating beat and key detection},
  author={Zenz, V. and Rauber, A.},
  booktitle={Signal Processing and Communications, IEEE International Conference on},
  pages={1175--1178},
  year={2007},
  organization={IEEE}
}


@inproceedings{yoshioka2004automatic,
  title={Automatic chord transcription with concurrent recognition of chord symbols and boundaries},
  author={Yoshioka, T. and Kitahara, T. and Komatani, K. and Ogata, T. and Okuno, H.G.},
  booktitle={Proceedings of the 5th International Conference on Music Information Retrieval (ISMIR)},
  pages={100--105},
  year={2004}
}

@inproceedings{cabral2005automatic,
  title={Automatic {x} traditional descriptor extraction: The case of chord recognition},
  author={Cabral, G. and Pachet, F. and Briot, J.P.},
  booktitle={Proceedings of the 6th international conference on music information retrieval},
  year={2005},
  pages={444–-449}
}

@article{shenoy2005key,
  title={Key, chord, and rhythm tracking of popular music recordings},
  author={Shenoy, A. and Wang, Y.},
  journal={Computer Music Journal},
  volume={29},
  number={3},
  pages={75--86},
  year={2005},
  publisher={MIT Press}
}

@inproceedings{sumi2008automatic,
  title={Automatic chord recognition based on probabilistic integration of chord transition and bass pitch estimation},
  author={Sumi, K. and Itoyama, K. and Yoshii, K. and Komatani, K. and Ogata, T. and Okuno, H.},
  booktitle={Proceedings of the International Conference on Music Information Retrieval (ISMIR)},
  pages={39--44},
  year={2008}
}

@inproceedings{lu2004repeating,
  title={Repeating pattern discovery and structure analysis from acoustic music data},
  author={Lu, L. and Wang, M. and Zhang, H.J.},
  booktitle={Proceedings of the 6th ACM SIGMM international workshop on Multimedia information retrieval},
  pages={275--282},
  year={2004},
  organization={ACM}
}

@article{lee2008acoustic,
  title={Acoustic chord transcription and key extraction from audio using key-dependent {HMM}s trained on synthesized audio},
  author={Lee, K. and Slaney, M.},
  journal={Audio, Speech, and Language Processing, IEEE Transactions on},
  volume={16},
  number={2},
  pages={291--301},
  year={2008},
  publisher={IEEE}
}

@inproceedings{papadopoulos2008simultaneous,
  title={Simultaneous estimation of chord progression and downbeats from an audio file},
  author={Papadopoulos, H. and Peeters, G.},
  booktitle={Acoustics, Speech and Signal Processing, IEEE International Conference on.},
  pages={121--124},
  year={2008},
  organization={IEEE}
}

@inproceedings{varewyck2008novel,
  title={A novel chroma representation of polyphonic music based on multiple pitch tracking techniques},
  author={Varewyck, M. and Pauwels, J. and Martens, J.P.},
  booktitle={Proceedings of the 16th ACM international conference on Multimedia},
  pages={667--670},
  year={2008},
  organization={ACM}
}

@article{weil2008hmm,
  title={An {HMM}-based audio chord detection system: Attenuating the main melody},
  author={Weil, J. and Durrieu, J.L.},
  journal={The Music Information Retrieval Exchange},
  year={2008}
}

@inproceedings{scholz2009robust,
  title={Robust modelling of musical chord sequences using probabilistic N-grams},
  author={Scholz, R. and Vincent, E. and Bimbot, F.},
  booktitle={Acoustics, Speech and Signal Processing, 2009. ICASSP 2009. IEEE International Conference on},
  pages={53--56},
  year={2009},
  organization={IEEE}
}

@inproceedings{oudre2009template,
  title={Template-based chord recognition: Influence of the chord types},
  author={Oudre, L. and Grenier, Y. and F{\'e}votte, C.},
  booktitle={Proceedings of the 10th International Society for Music Information Retrieval Conference (ISMIR)},
  pages={153--158},
  year={2009}
}

@inproceedings{khadkevich2009phase,
  title={Phase-change based tuning for automatic chord recognition},
  author={Khadkevich, M. and Omologo, M.},
  booktitle={Proceedings of Digital Audio Effects Conference (DAFx)},
  year={2009}
}

@inproceedings{weil2009automatic,
  title={Automatic generation of lead sheets from polyphonic music signals},
  author={Weil, J. and Sikora, T. and Durrieu, J.L. and Richard, G.},
  booktitle={Proceedings of the 10th International Society for Music Information Retrieval Conference (ISMIR).},
  year={2009}
}

@inproceedings{weller2009structured,
  title={Structured prediction models for chord transcription of music audio},
  author={Weller, A. and Ellis, D. and Jebara, T.},
  booktitle={Machine Learning and Applications, International Conference on},
  pages={590--595},
  year={2009},
  organization={IEEE}
}

@article{reed2009minimum,
  title={Minimum classification error training to improve isolated chord recognition},
  author={Reed, J.T. and Ueda, Y. and Siniscalchi, S. and Uchiyama, Y. and Sagayama, S. and Lee, C.H.},
  journal={Proceedings of the 10th International Society for Music Information Retrieval (ISMIR)},
  year={2009},
  pages={609--614}
}

@inproceedings{su2001multi,
  title={Multi-timbre chord classification using wavelet transform and self-organized map neural networks},
  author={Su, B. and Jeng, S.K.},
  booktitle={Acoustics, Speech, and Signal Processing, IEEE International Conference on},
  volume={5},
  pages={3377--3380},
  year={2001},
  organization={IEEE}
}

@inproceedings{burgoyne2007cross,
  title={A CROSS-VALIDATED STUDY OF MODELLING STRATEGIES FOR AUTOMATIC CHORD RECOGNITION IN AUDIO},
  author={Burgoyne, J.A. and Pugin, L. and Kereliuk, C. and Fujinaga, I.},
  booktitle={Proceedings of the 8th International Conference on Music Information Retrieval},
  pages={251--254},
  year={2007},
}

@inproceedings{bartsch2001catch,
  title={To catch a chorus: Using chroma-based representations for audio thumbnailing},
  author={Bartsch, M.A. and Wakefield, G.H.},
  booktitle={Applications of Signal Processing to Audio and Acoustics, 2001 IEEE Workshop on the},
  pages={15--18},
  year={2001},
  organization={IEEE}
}

@inproceedings{raphael2002automatic,
  title={Automatic transcription of piano music},
  author={Raphael, C.},
  booktitle={Proceedings of the 3rd International Conference on Music Information Retrieval (ISMIR)},
  pages={13--17},
  year={2002}
}

@inproceedings{bello2000techniques,
  title={Techniques for automatic music transcription},
  author={Bello, J.P. and Monti, G. and Sandler, M.},
  booktitle={International Symposium on Music Information Retrieval},
  pages={23--25},
  year={2000}
}

@article{shepard1964circularity,
  title={Circularity in judgments of relative pitch},
  author={Shepard, R.N.},
  journal={The Journal of the Acoustical Society of America},
  volume={36},
  pages={2346},
  year={1964}
}

@inproceedings{goto2003chorus,
  title={A chorus-section detecting method for musical audio signals},
  author={Goto, M.},
  booktitle={Acoustics, Speech, and Signal Processing, 2003. Proceedings.(ICASSP'03). 2003 IEEE International Conference on},
  volume={5},
  pages={V--437},
  year={2003},
  organization={IEEE}
}

@inproceedings{aono1998real,
  title={A Real-time Session Composer with Acoustic Polyphonic Instruments},
  author={Aono, Y. and Katayose, H. and Inokuchi, S.},
  booktitle={Proc. ICMC},
  pages={236--239},
  year={1998}
}

@inproceedings{nawab2001identification,
  title={Identification of musical chords using constant-Q spectra},
  author={Nawab, S.H. and Ayyash, S.A. and Wotiz, R.},
  booktitle={Acoustics, Speech, and Signal Processing, IEEE International Conference on (ICASSP)},
  volume={5},
  pages={3373--3376},
  year={2001},
  organization={IEEE}
}

@inproceedings{pauws2004musical,
  title={Musical key extraction from audio},
  author={Pauws, S.},
  booktitle={Proceedings of the 5th International Conference on Music Information Retrieval (ISMIR)},
  year={2004}
}

@inproceedings{wakefield1999mathematical,
  title={Mathematical representation of joint time-chroma distributions},
  author={Wakefield, G.H.},
  booktitle={International Symposium on Optical Science, Engineering, and Instrumentation, SPIE},
  volume={99},
  pages={18--23},
  year={1999}
}

@inproceedings{chuan2005fuzzy,
  title={Fuzzy analysis in pitch-class determination for polyphonic audio key finding},
  author={Chuan, C.H. and Chew, E.},
  booktitle={Proceedings of the Sixth International Conference on Music Information Retrieval (ISMIR 2005)},
  pages={296--303},
  year={2005}
}

@inproceedings{izmirli2005template,
  title={Template based key finding from audio},
  author={Izmirli, O.},
  booktitle={Proceedings of the International Computer Music Conference (ICMC). Barcelona, Spain},
  year={2005}
}

@inproceedings{lee2006automaticchord,
  title={Automatic chord recognition from audio using an {HMM} with supervised learning},
  author={Lee, K. and Slaney, M.},
  booktitle={Proceedings of the 7th International Conference on Music Information Retrieval (ISMIR)},
  pages={133--137},
  year={2006}
}

@article{paiement2005probabilistic,
  title={A probabilistic model for chord progressions},
  author={Paiement, J.F. and Eck, D. and Bengio, S.},
  year={2005}
}

@inproceedings{burgoyne2005learning,
  title={Learning harmonic relationships in digital audio with {D}irichlet-based hidden {M}arkov models},
  author={Burgoyne, J.A. and Saul, L.K.},
  booktitle={Proceedings of the International Conference on Music Information Retrieval (ISMIR)},
  pages={438--443},
  year={2005}
}

@inproceedings{noland2006key,
  title={Key estimation using a hidden {M}arkov model},
  author={Noland, K. and Sandler, M.},
  booktitle={Proceedings of the 7th International Conference on Music Information Retrieval (ISMIR)},
  pages={121--126},
  year={2006}
}

@inproceedings{lee2007unified,
  title={A unified system for chord transcription and key extraction using hidden {M}arkov models},
  author={Lee, K. and Slaney, M.},
  booktitle={Proceedings of the 8th International Conference on Music Information Retrieval (ISMIR)},
  year={2007},
}

@inproceedings{lee2006automatic,
  title={Automatic chord recognition from audio using enhanced pitch class profile},
  author={Lee, K.},
  booktitle={Proc. of the Intern. Computer Music Conference (ICMC), New Orleans, USA},
  year={2006}
}

@article{lee2008system,
  title={A System for Automatic Chord Transcription from Audio Using Genre-Specific Hidden {M}arkov Models},
  author={Lee, K.},
  journal={Adaptive Multimedial Retrieval: Retrieval, User, and Semantics},
  pages={134--146},
  year={2008},
  publisher={Springer}
}

@inproceedings{paiement2005graphical,
  title={A graphical model for chord progressions embedded in a psychoacoustic space},
  author={Paiement, J.F. and Eck, D. and Bengio, S. and Barber, D.},
  booktitle={Proceedings of the 22nd international conference on Machine learning},
  pages={641--648},
  year={2005},
  organization={ACM}
}

@inproceedings{ellis2007identifyingcover,
  title={Identifying `cover songs' with chroma features and dynamic programming beat tracking},
  author={Ellis, D.P.W. and Poliner, G.E.},
  booktitle={Acoustics, Speech and Signal Processing, IEEE International Conference on},
  volume={4},
  pages={IV--1429},
  year={2007},
  organization={IEEE}
}

@inproceedings{kim2006towards,
  title={Towards quantifying the album effect in artist identification},
  author={Kim, Y.E. and Williamson, D.S. and Pilli, S.},
  booktitle={Proceedings of the 7th International Conference on Music Information Retrieval (ISMIR)},
  pages={393--394},
  year={2006}
}

@inproceedings{harte2005symbolic,
  title={Symbolic representation of musical chords: A proposed syntax for text annotations},
  author={Harte, C. and Sandler, M. and Abdallah, S. and G{\'o}mez, E.},
  booktitle={Proceedings of the 6th International Conference on Music Information Retrieval (ISMIR)},
  pages={66--71},
  year={2005},
  organization={Citeseer}
}

@inproceedings{mauch2008discrete,
  title={A discrete mixture model for chord labelling},
  author={Mauch, M. and Dixon, S.},
  booktitle={Proceedings of the 9th International Conference on Music Information Retrieval (ISMIR)},
  pages={45--50},
  year={2008}
}

@inproceedings{mauch2009using,
  title={Using musical structure to enhance automatic chord transcription},
  author={Mauch, M. and Noland, K. and Dixon, S.},
  booktitle={Proceedings of the 10th International Conference on Music Information Retrieval},
  pages={231--236},
  year={2009}
}

@inproceedings{khadkevich2009use,
  title={Use of hidden {M}arkov models and factored language models for automatic chord recognition},
  author={Khadkevich, M. and Omologo, M.},
  booktitle={Proceedings of the International Society for Music Information Retrieval Conference (ISMIR)},
  pages={561--566},
  year={2009}
}

@inproceedings{stark2009real,
  title={Real-time chord recognition for live performance},
  author={Stark, A.M. and Plumbley, M.D.},
  booktitle={Proceedings of International Computer Music Conference},
  number={i},
  pages={585--593},
  year={2009},
}

@inproceedings{anglade2009genre,
  title={Genre classification using harmony rules induced from automatic chord transcriptions},
  author={Anglade, A. and Ramirez, R. and Dixon, S.},
  booktitle={10th International Society for Music Information Retrieval Conference},
  pages={669--674},
  year={2009}
}

@article{noland2009influences,
  title={Influences of signal processing, tone profiles, and chord progressions on a model for estimating the musical key from audio},
  author={Noland, K. and Sandler, M.},
  journal={Computer Music Journal},
  volume={33},
  number={1},
  pages={42--56},
  year={2009},
  publisher={MIT Press}
}

@inproceedings{oudre2009chord,
  title={Chord recognition using measures of fit, chord templates and filtering methods},
  author={Oudre, L. and Grenier, Y. and F{\'e}votte, C.},
  booktitle={Applications of Signal Processing to Audio and Acoustics,  IEEE Workshop on (W).},
  pages={9--12},
  year={2009},
  organization={IEEE}
}

@inproceedings{cho2009real,
  title={Real-time implementation of {HMM}-based chord estimation in musical audio},
  author={Cho, T. and Bello, J.P.},
  booktitle={Proceedings of the International Computer Music Conference (ICMC)},
  pages={16--21},
  year={2009},
}

@article{mauch2010automatic,
  title={Automatic chord transcription from audio using computational models of musical context},
  author={Mauch, M.},
  journal={unpublished PhD dissertation Queen Mary University of London},
  pages={1--168},
  year={2010}
}

@inproceedings{ueda2010hmm,
  title={{HMM}-based approach for automatic chord detection using refined acoustic features},
  author={Ueda, Y. and Uchiyama, Y. and Nishimoto, T. and Ono, N. and Sagayama, S.},
  booktitle={Acoustics Speech and Signal Processing, IEEE International Conference on},
  pages={5518--5521},
  year={2010},
  organization={IEEE}
}

@inproceedings{cho2010exploring,
  title={Exploring common variations in state of the art chord recognition systems},
  author={Cho, T. and Weiss, R.J. and Bello, J.P.},
  booktitle={Proceedings of the Sound and Music Computing Conferecne (SMC)},
  year={2010},
}

@inproceedings{konz2010multi,
  title={A multi-perspective evaluation framework for chord recognition},
  author={Konz, V. and M{\"u}ller, M. and Ewert, S.},
  booktitle={Proceedings of the 11th International Conference on Music Information Retrieval (ISMIR)},
  pages={9--14},
  year={2010}
}

@article{brooks2010chord,
  title={Chord discrimination by pigeons},
  author={Brooks, D.I. and Cook, R.G.},
  journal={Music Perception},
  volume={27},
  number={3},
  pages={183--196},
  year={2010},
  publisher={JSTOR}
}

@inproceedings{mcvicar2010enhancing,
  title={Enhancing chord recognition accuracy using web resources},
  author={McVicar, M. and De Bie, T.},
  booktitle={Proceedings of 3rd international workshop on Machine learning and music},
  pages={41--44},
  year={2010},
  organization={ACM}
}

@phdthesis{hrybyk2010combined,
  title={Combined audio and video analysis for guitar chord identification},
  author={Hrybyk, A.},
  year={2010},
  school={Drexel University}
}

@inproceedings{mauch2010lyrics,
  title={Lyrics-to-audio alignment and phrase-level segmentation using incomplete internet-style chord annotations},
  author={Mauch, M. and Fujihara, H. and Goto, M.},
  booktitle={Proceedings of the 7th Sound and Music Computing Conference (SMC)},
  pages={9--16},
  year={2010}
}

@article{mcvicar2011using,
  title={Using online chord databases to enhance chord recognition},
  author={McVicar, M. and Ni, Y. and Santos-Rodriguez, R. and De Bie, T.},
  journal={Journal of New Music Research},
  volume={40},
  number={2},
  pages={139--152},
  year={2011},
  publisher={Taylor \& Francis}
}

@article{mcvicar2011leveraging,
  title={Leveraging noisy online databases for use in chord recognition},
  author={McVicar, M. and Ni, Y. and Santos-Rodriguez, R. and De Bie, T.},
  journal={Proeedings of the 12th International Society on Music Information Retrieval (ISMIR)},
  pages={639--644},
  year={2011}
}

@article{ni2011meta,
  title={Meta-song evaluation for chord recognition},
  author={Ni, Y. and Mc{V}icar, M. and Santos-Rodriguez, R. and De Bie, T.},
  journal={Arxiv preprint arXiv:1109.0420},
  year={2011}
}

@inproceedings{burgoyne2011expert,
  title={An Expert Ground Truth Set for Audio Chord Recognition and Music Analysis},
  author={Burgoyne, J.A. and Wild, J. and Fujinaga, I.},
  booktitle={Proceedings of the 12th International Society for Music Information Retrieval (ISMIR)},
  pages={633–-638},
  year={2011}
}

@inproceedings{jiang2011analyzing,
  title={Analyzing Chroma Feature Types for Automated Chord Recognition},
  author={Jiang, N. and Grosche, P. and Konz, V. and M{\"u}ller, M.},
  booktitle={Proceedings of the 42nd Audio Engineering Society Conference},
  year={2011}
}

@inproceedings{MuellerEwert11_ChromaToolbox_ISMIR,
  author = {M{\"u}ller, M. and Ewert, S.},
  title = {{C}hroma {T}oolbox: {MATLAB} implementations for extracting variants of chroma-based audio features},
  booktitle = {Proceedings of the 12th International Conference on Music Information Retrieval ({ISMIR})},
  year = {2011},
  pages = {215--220}
}

@inproceedings{macrae2011guitar,
  title={Guitar tab mining, analysis and ranking},
  author={Macrae, R. and Dixon, S.},
  booktitle={Proceedings of the 12th International Society for Music Information Retrieval Conference (ISMIR)},
  year={2011}
}

@article{heisenberg1927anschaulichen,
  title={{\"U}ber den anschaulichen {I}nhalt der {Q}uantentheoretischen {K}inematik und {M}echanik},
  author={Heisenberg, W.},
  journal={Zeitschrift f{\"u}r Physik A Hadrons and Nuclei},
  volume={43},
  number={3},
  pages={172--198},
  year={1927},
  publisher={Springer}
}

@article{rabiner1989tutorial,
  title={A tutorial on hidden {M}arkov models and selected applications in speech recognition},
  author={Rabiner, L.R.},
  journal={Proceedings of the IEEE},
  volume={77},
  number={2},
  pages={257--286},
  year={1989},
  publisher={IEEE}
}

@article{moon1996expectation,
  title={The expectation-maximization algorithm},
  author={Moon, T.K.},
  journal={Signal Processing Magazine, IEEE},
  volume={13},
  number={6},
  pages={47--60},
  year={1996},
  publisher={IEEE}
}

@article{goto1999real,
  title={Real-time beat tracking for drumless audio signals: Chord change detection for musical decisions},
  author={Goto, M. and Muraoka, Y.},
  journal={Speech Communication},
  volume={27},
  number={3},
  pages={311--335},
  year={1999},
  publisher={Elsevier}
}

@inproceedings{whitman2001artist,
  title={Artist detection in music with minnowmatch},
  author={Whitman, B. and Flake, G. and Lawrence, S.},
  booktitle={Neural Networks for Signal Processing XI, Proceedings of the IEEE Signal Processing Society Workshop},
  pages={559--568},
  year={2001},
  organization={IEEE}
}

@book{lerdahl2005tonal,
  title={Tonal pitch space},
  author={Lerdahl, F.},
  year={2005},
  publisher={Oxford University Press, USA}
}

@inproceedings{harte2006detecting,
  title={Detecting harmonic change in musical audio},
  author={Harte, C. and Sandler, M. and Gasser, M.},
  booktitle={Proceedings of the 1st ACM workshop on Audio and music computing multimedia},
  pages={21--26},
  year={2006},
  organization={ACM}
}

@article{cohn1998introduction,
  title={Introduction to neo-Riemannian theory: A survey and a historical perspective},
  author={Cohn, R.},
  journal={Journal of Music Theory},
  pages={167--180},
  year={1998},
  publisher={JSTOR}
}

@phdthesis{chew2000towards,
  title={Towards a mathematical model of tonality},
  author={Chew, E.},
  year={2000},
  school={Massachusetts Institute of Technology}
}

@inproceedings{unal2007statistical,
  title={Statistical modeling and retrieval of polyphonic music},
  author={Unal, E. and Georgiou, P.G. and Narayanan, S.S. and Chew, E.},
  booktitle={Multimedia Signal Processing, IEEE 9th Workshop on},
  pages={405--409},
  year={2007},
  organization={IEEE}
}

@inproceedings{mauch2007discovering,
  title={Discovering chord idioms through Beatles and Real Book songs},
  author={Mauch, M. and Dixon, S. and Harte, C. and Casey, M. and Fields, B.},
  booktitle={Proceedings of the 8th International Conference on Music Information Retrieval ISMIR},
  pages={225-258},
  year={2007}
}


@article{kullback1951information,
  title={On information and sufficiency},
  author={Kullback, S. and Leibler, R.A.},
  journal={The Annals of Mathematical Statistics},
  volume={22},
  number={1},
  pages={79--86},
  year={1951},
  publisher={JSTOR}
}

@article{mauch2012integrating,
  title={Integrating Additional Chord Information into {HMM}-Based Lyrics-to-Audio Alignment},
  author={Mauch, M. and Fujihara, H. and Goto, M.},
  journal={Audio, Speech, and Language Processing, IEEE Transactions on},
  pages={200--210},
  year={2012},
  publisher={IEEE}
}

@inproceedings{smith2011design,
  title={Design and Creation of a Large-Scale Database of Structural Annotations},
  author={Smith, J.B.L. and Burgoyne, J.A. and Fujinaga, I. and De Roure, D. and Downie, J.S.},
  booktitle={Proceedings of the 12th International Society for Music Information Retrieval Conference},
  year={2011}
}

@inproceedings{macrae2010guitar,
  title={A guitar tablature score follower},
  author={Macrae, R. and Dixon, S.},
  booktitle={Multimedia and Expo (ICME), 2010 IEEE International Conference on},
  pages={725--726},
  year={2010},
  organization={IEEE}
}

@article{barthet2011music,
  title={Music recommendation for music learning: Hotttabs, a multimedia guitar tutor},
  author={Barthet, M. and Anglade, A. and Fazekas, G. and Kolozali, S. and Macrae, R.},
  journal={Workshop on Music Recommendation and Discory, collated with ACM RecSys 2011 Chicago, IL, USA October 23, 2011},
  pages={7},
  year={2011}
}

@article{mauch2010simultaneous,
  title={Simultaneous estimation of chords and musical context from audio},
  author={Mauch, M. and Dixon, S.},
  journal={Audio, Speech, and Language Processing, IEEE Transactions on},
  volume={18},
  number={6},
  pages={1280--1289},
  year={2010},
  publisher={IEEE}
}

@inproceedings{mayer2008rhyme,
  title={Rhyme and style features for musical genre classification by song lyrics},
  author={Mayer, Rudolf and Neumayer, Robert and Rauber, Andreas},
  booktitle={Proceedings of the International Conference on Music Information Retrieval},
  pages={337--342},
  year={2008}
}

@inproceedings{dressler2007tuning,
  title={Tuning frequency estimation using circular statistics},
  author={Dressler, K. and Streich, S. and Publica, F.},
  booktitle={Proceedings of the International Conference on Music Information Retrieval ISMIR},
  year={2007}
}

@article{mauch2010automatic,
  title={Automatic chord transcription from audio using computational models of musical context},
  author={Mauch, M.},
  journal={unpublished PhD dissertation Queen Mary University of London 2010},
  pages={1--168},
  year={2010}
}

@inproceedings{mauch2010approximate,
  title={Approximate note transcription for the improved identification of difficult chords},
  author={Mauch, M. and Dixon, S.},
  booktitle={Proceedings of the 11th International Society for Music Information Retrieval Conference (ISMIR)},
  pages={135--140},
  year={2010}
}

@book{lawson1995solving,
  title={Solving least squares problems},
  author={Lawson, C.L. and Hanson, R.J.},
  volume={15},
  year={1995},
  publisher={Society for Industrial Mathematics}
}

@inproceedings{bello2011feature,
  title={A Feature Smoothing Method for Chord Recognition Using Recurrence Plots},
  author={Cho, T. and Bello, J.P.},
  booktitle={Proceedings of the 12th International Society for Music Information Retrieval Conference (ISMIR)},
  year={2011}
}

@article{yoshii2011vocabulary,
  title={A Vocabulary-Free Infinity-Gram Model for Nonparametric {B}ayesian Chord Progression Analysis},
  author={Yoshii, K. and Goto, M.},
  booktitle={Proceedings of the 12th International Society for Music Information Retrieval Conference (ISMIR)},
  year={2011}
}

@misc{wang2006system,
  title={System and methods for recognizing sound and music signals in high noise and distortion},
  author={
  , A.L.C. and Smith III, J.O. },
  year={2006},
  publisher={Google Patents},
  note={US Patent 6,990,453}
}

@inproceedings{paulus2010state,
  title={State of the Art Report: Audio-Based Music Structure Analysis},
  author={Paulus, J. and M{\"u}ller, M. and Klapuri, A.},
  booktitle={Proceedings of the 11th International Society for Music Information Retrieval Conference},
  pages={625--36},
  year={2010}
}

@inproceedings{kim2010music,
  title={Music emotion recognition: A state of the art review},
  author={Kim, Y.E. and Schmidt, E.M. and Migneco, R. and Morton, B.G. and Richardson, P. and Scott, J. and Speck, J.A. and Turnbull, D.},
  booktitle={Proc. 11th Int. Symp. Music Information Retrieval},
  pages={255--266},
  year={2010}
}

@article{russell1980circumplex,
  title={A circumplex model of affect.},
  author={Russell, J.A.},
  journal={Journal of personality and social psychology},
  volume={39},
  number={6},
  pages={1161},
  year={1980},
  publisher={American Psychological Association}
}

@article{russell2003core,
  title={Core affect and the psychological construction of emotion.},
  author={Russell, J.A.},
  journal={Psychological review},
  volume={110},
  number={1},
  pages={145},
  year={2003},
  publisher={American Psychological Association}
}

@article{cowie1999neural,
  title={What a neural net needs to know about emotion words},
  author={Cowie, R. and Douglas-Cowie, E. and Apolloni, B. and Taylor, J. and Romano, A. and Fellenz, W.},
  journal={Computational intelligence and applications},
  pages={109--114},
  year={1999}
}

@article{vaizman2011modeling,
  title={Modeling Dynamic Patterns for Emotional Content in Music},
  author={Vaizman, Y. and Granot, R.Y. and Israel, J. and Lanckriet, G.},
  year={2011}
}

@inproceedings{vaizman2011modeling,
  title={Modeling Dynamic Patterns for Emotional Content in Music},
  author={Vaizman, Y. and Granot, R.Y. and Israel, J. and Lanckriet, G.},
  booktitle={Proc. ISMIR},
  year={2011}
}

@inproceedings{hu2010lyrics,
  title={When lyrics outperform audio for music mood classification: a feature analysis},
  author={Hu, X. and Downie, J.S.},
  booktitle={Proceedings of ISMIR},
  pages={1--6},
  year={2010}
}

@article{burred2010mirex,
  title={MIREX-2010 single-label and multi-label classification tasks: ircamclassification09 submission},
  author={Burred, J.J. and Ramona, M. and Cornu, F. and Peeters, G.},
  journal={MIREX 2010},
  year={2010}
}

@article{mandel2010svm,
  title={SVM-based audio classification, tagging, and similarity submissions},
  author={Mandel, M.I.},
  journal={online Proc. of the 7th Annual Music Information Retrieval Evaluation eX-change (MIREX-2010)},
  year={2010}
}

@article{seyerlehner2010using,
  title={Using block-level features for genre classification, tag classification and music similarity estimation},
  author={Seyerlehner, K. and Schedl, M. and Pohle, T. and Knees, P.},
  journal={Submission to Audio Music Similarity and Retrieval Task of MIREX 2010},
  year={2010}
}

@inproceedings{hu20082007,
  title={The 2007 MIREX audio mood classification task: Lessons learned},
  author={Hu, X. and Downie, J.S. and Laurier, C. and Bay, M. and Ehmann, A.F.},
  booktitle={Proceedings of the 9th International Conference on Music Information Retrieval},
  pages={462--467},
  year={2008},
  organization={Citeseer}
}

@article{he2008language,
  title={Language feature mining for music emotion classification via supervised learning from lyrics},
  author={He, H. and Jin, J. and Xiong, Y. and Chen, B. and Sun, W. and Zhao, L.},
  journal={Advances in Computation and Intelligence},
  pages={426--435},
  year={2008},
  publisher={Springer}
}

@inproceedings{hu2009lyric,
  title={Lyric-based song emotion detection with affective lexicon and fuzzy clustering method},
  author={Hu, Y. and Chen, X. and Yang, D.},
  booktitle={Proceedings of the 10th International Society for Music Information Retrieval},
  year={2009}
}

@inproceedings{yang2004disambiguating,
  title={Disambiguating music emotion using software agents},
  author={Yang, D. and Lee, W.S.},
  booktitle={Proceedings of the 5th International Conference on Music Information Retrieval (ISMIR04)},
  pages={52--58},
  year={2004}
}

@inproceedings{laurier2008multimodal,
  title={Multimodal music mood classification using audio and lyrics},
  author={Laurier, C. and Grivolla, J. and Herrera, P.},
  booktitle={Machine Learning and Applications, 2008. ICMLA'08. Seventh International Conference on},
  pages={688--693},
  year={2008},
  organization={IEEE}
}

@inproceedings{laurier2009music,
  title={Music mood representations from social tags},
  author={Laurier, C. and Sordo, M. and Serra, J. and Herrera, P.},
  booktitle={Proceedings of the 10th International Society for Music Information Conference, Kobe, Japan},
  year={2009},
  organization={Citeseer}
}

@inproceedings{bischoff2009music,
  title={Music mood and theme classification-a hybrid approach},
  author={Bischoff, K. and Firan, C.S. and Paiu, R. and Nejdl, W. and Laurier, C. and Sordo, M.},
  booktitle={Proc. of the Intl. Society for Music Information Retrieval Conf., Kobe, Japan},
  year={2009}
}

@inproceedings{Schuller:2011,
       Author = {Schuller, B. and Weninger, F. and Dorfner, J.},
       Booktitle = {Proc. of the 12th International Society for Music Information Retrieval (ISMIR) Conference},
       Pages = {759-764},
       Title = {Multi-modal non-prototypical music mood analysis in continous space: reliability and performances},
       Year = {2011}
}

@inproceedings{schmidt2010feature,
  title={Feature selection for content-based, time-varying musical emotion regression},
  author={Schmidt, E.M. and Turnbull, D. and Kim, Y.E.},
  booktitle={Proceedings of the international conference on Multimedia information retrieval},
  pages={267--274},
  year={2010},
  organization={ACM}
}

@article{schmidt2010prediction,
  title={Prediction of time-varying musical mood distributions from audio},
  author={Schmidt, E.M. and Kim, Y.E.},
  journal={ISMIR2010},
  pages={465--470},
  year={2010}
}

@article{bartsch2005audio,
  title={Audio thumbnailing of popular music using chroma-based representations},
  author={Bartsch, M.A. and Wakefield, G.H.},
  journal={Multimedia, IEEE Transactions on},
  volume={7},
  number={1},
  pages={96--104},
  year={2005},
  publisher={IEEE}
}

@inproceedings{marolt2006mid,
  title={A mid-level melody-based representation for calculating audio similarity},
  author={Marolt, M.},
  booktitle={Int. Symp. on Music Information Retrieval (ISMIR)},
  pages={280--285},
  year={2006}
}

@inproceedings{bruderer2006structural,
  title={Structural boundary perception in popular music},
  author={Bruderer, M.J. and McKinney, M. and Kohlrausch, A.},
  booktitle={Proc. of 7th International Conference on Music Information Retrieval},
  pages={198--201},
  year={2006},
  organization={Citeseer}
}

@inproceedings{foote1999visualizing,
  title={Visualizing music and audio using self-similarity},
  author={Foote, J.},
  booktitle={Proceedings of the seventh ACM international conference on Multimedia (Part 1)},
  pages={77--80},
  year={1999},
  organization={ACM}
}

@inproceedings{logan2000music,
  title={Music summarization using key phrases},
  author={Logan, B. and Chu, S.},
  booktitle={Acoustics, Speech, and Signal Processing, 2000. ICASSP'00. Proceedings. 2000 IEEE International Conference on},
  volume={2},
  pages={II749--II752},
  year={2000},
  organization={IEEE}
}

@article{barrington2010modeling,
  title={Modeling music as a dynamic texture},
  author={Barrington, L. and Chan, A.B. and Lanckriet, G.},
  journal={Audio, Speech, and Language Processing, IEEE Transactions on},
  volume={18},
  number={3},
  pages={602--612},
  year={2010},
  publisher={IEEE}
}

@article{dannenberg2003pattern,
  title={Pattern discovery techniques for music audio},
  author={Dannenberg, R.B. and Hu, N.},
  journal={Journal of New Music Research},
  volume={32},
  number={2},
  pages={153--163},
  year={2003},
  publisher={Taylor \& Francis}
}

@article{aucouturier2005way,
  title={The way it sounds: Timbre models for analysis and retrieval of music signals},
  author={Aucouturier, J.J. and Pachet, F. and Sandler, M.},
  journal={Multimedia, IEEE Transactions on},
  volume={7},
  number={6},
  pages={1028--1035},
  year={2005},
  publisher={IEEE}
}

@inproceedings{turnbull2007supervised,
  title={A supervised approach for detecting boundaries in music using difference features and boosting},
  author={Turnbull, D. and Lanckriet, G. and Pampalk, E. and Goto, M.},
  booktitle={Proc. of 8th International Conference on Music Information Retrieval},
  pages={51--54},
  year={2007}
}

@article{pachet2008hit,
  title={Hit song science is not yet a science},
  author={Pachet, F. and Roy, P.},
  journal={Proceedings of ISMIR 2008},
  pages={355--360},
  year={2008}
}

@inproceedings{dhanaraj2005automatic,
  title={Automatic prediction of hit songs},
  author={Dhanaraj, R. and Logan, B.},
  booktitle={Proceedings of the International Conference on Music Information Retrieval},
  pages={488--91},
  year={2005},
  organization={Citeseer}
}

@inproceedings{ni2011hit,
  title={Hit Song Science Once Again a Science?},
  author={Ni, Y. and Santos-Rodriguez, R. and McVicar, M and De Bie, T.},
  booktitle={Proceedings of 4th international workshop on Music and Machine Learning},
  year={2011},
}

@article{cavallanti2007tracking,
  title={Tracking the best hyperplane with a simple budget perceptron},
  author={Cavallanti, G. and Cesa-Bianchi, N. and Gentile, C.},
  journal={Machine Learning},
  volume={69},
  number={2},
  pages={143--167},
  year={2007},
  publisher={Springer}
}

@article{klapuri2006introduction,
  title={Introduction to music transcription},
  author={Klapuri, A.},
  journal={Signal Processing Methods for Music Transcription},
  pages={3--20},
  year={2006},
  publisher={Springer}
}

@book{karolyi1965introducing,
  title={Introducing music},
  author={Karolyi, O.},
  year={1965},
  publisher={Penguin (Non-Classics)}
}

@book{merriam1995merriam,
  title={Merriam-Webster's dictionary of English usage},
  author={Merriam-Webster, Inc},
  year={1995},
  publisher={Merriam Webster}
}

@misc{dictionary1989oxford,
  title={Oxford: Oxford University Press},
  author={Dictionary, O.E.},
  year={1989}
}

@book{klapuri2006signal,
  title={Signal processing methods for music transcription},
  author={Klapuri, A. and Davy, M.},
  year={2006},
  publisher={Springer-Verlag New York Inc}
}

@book{randel2003harvard,
  title={The Harvard dictionary of music},
  author={Randel, D.M.},
  year={2003},
  publisher={Belknap Press}
}

@book{jamini2005harmony,
  title={Harmony and composition: basics to intermediate},
  author={Jamini, D.},
  year={2005},
  publisher={Trafford on Demand Pub}
}

@book{pratt1996dynamics,
  title={The dynamics of harmony: principles \& practice},
  author={Pratt, G.},
  year={1996},
  publisher={Oxford University Press}
}

@inproceedings{raphael2005graphical,
  title={A graphical model for recognizing sung melodies},
  author={Raphael, C.},
  booktitle={Proceedings of 6th International Conference on Music Information Retrieval (ISMIR)},
  pages={658--663},
  year={2005}
}

@article{duda2001pattern,
  title={Pattern classification},
  author={Duda, R.O. and Hart, P.E. and Stork, D.G.},
  journal={New York: John Wiley, Section},
  volume={10},
  pages={l},
  year={2001}
}

@inproceedings{gouyon2000use,
  title={On the use of zero-crossing rate for an application of classification of percussive sounds},
  author={Gouyon, F. and Pachet, F. and Delerue, O.},
  booktitle={Proceedings of the COST G-6 conference on Digital Audio Effects (DAFX-00), Verona, Italy},
  year={2000},
  organization={Citeseer}
}

@article{hirsch2005index,
  title={An index to quantify an individual's scientific research output},
  author={Hirsch, J.E.},
  journal={Proceedings of the National Academy of Sciences of the United states of America},
  volume={102},
  number={46},
  pages={16569},
  year={2005},
  publisher={National Academy of Sciences}
}

@article{florentine2003s,
  title={It's not recruitment-gasp!! It's softness imperception},
  author={Florentine, M.},
  journal={The Hearing Journal},
  volume={56},
  number={3},
  pages={10},
  year={2003}
}

@article{iso2003226,
  title={226: Acoustics Normal equal loudness-level contours},
  author={ISO, BS},
  journal={International Organization for Standardization},
  year={2003}
}

@BOOK{a_weighting_book_1999,
  AUTHOR =       {M. T. Smith},
  TITLE =        {Audio engineer's reference book},
  PUBLISHER =    {Focal Press},
  YEAR =         {1999},
}

@article{burns1999intervals,
  title={Intervals, scales, and tuning},
  author={Burns, E.M. and Ward, W.D.},
  journal={The psychology of music},
  volume={2},
  pages={215--264},
  year={1999},
  publisher={Academic Press}
}

@article{ellis20102010,
  title={The 2010 lab{ROSA} chord recognition system},
  author={Ellis, D. and Weller, A.},
  journal={Proceedings of the 11th Society for Music Information Retrieval, Music Information Retrieval Evaluation exchange paper)},
  year={2010}
}

@book{alpaydin2004introduction,
  title={Introduction to machine learning},
  author={Alpaydin, E.},
  year={2004},
  publisher={The MIT Press}
}

@book{krumhansl2001cognitive,
  title={Cognitive foundations of musical pitch},
  author={Krumhansl, C.L.},
  year={2001},
  publisher={Oxford University Press, USA}
}

@article{bisiani1987beam,
  title={Beam search},
  author={Bisiani, R.},
  journal={Encyclopedia of Artificial Intelligence},
  volume={2},
  year={1987}
}

@article{berenzweig2004large,
  title={A large-scale evaluation of acoustic and subjective music-similarity measures},
  author={Berenzweig, A. and Logan, B. and Ellis, D.P.W. and Whitman, B.},
  journal={Computer Music Journal},
  volume={28},
  number={2},
  pages={63--76},
  year={2004},
  publisher={MIT Press}
}

@inproceedings{burgoyne2011expert,
  title={An Expert Ground Truth Set for Audio Chord Recognition and Music Analysis},
  author={Burgoyne, J.A. and Wild, J. and Fujinaga, I.},
  booktitle={Proceedings of the International Conference on Music Information Retrieval (ISMIR), page to appear},
  volume={155},
  year={2011}
}

@BOOK{Durbin98biologicalsequence,
  title = {Biological sequence analysis: probabilistic models of proteins and
	nucleic acids},
  publisher = {Cambridge University Press},
  year = {1998},
  author = {R. Durbin and S. Eddy and A. Krogh and G. Mitchison}
}

@inproceedings{kohavi1995study,
  title={A study of cross-validation and bootstrap for accuracy estimation and model selection},
  author={Kohavi, R.},
  booktitle={International {J}oint {C}onference on {A}rtificial {I}ntelligence},
  volume={14},
  pages={1137--1145},
  year={1995},
}

@inproceedings{fremerey2010handling,
  title={Handling repeats and jumps in score-performance synchronization},
  author={Fremerey, C. and M{\"u}ller, M. and Clausen, M.},
  booktitle={Proceedings of the 11th International Society for Music Information Retrieval (ISMIR)},
  pages={243--248},
  year={2010}
}

@article{papadopoulos2011joint,
  title={Joint estimation of chords and downbeats from an audio signal},
  author={Papadopoulos, H. and Peeters, G.},
  journal={Audio, Speech, and Language Processing, IEEE Transactions on},
  volume={19},
  number={1},
  pages={138--152},
  year={2011},
  publisher={IEEE}
}

@article{perez2009genre,
  title={Genre classification using chords and stochastic language models},
  author={Perez-Sancho, C. and Rizo, D. and I\~{n}esta, J.M.},
  journal={Connection science},
  volume={21},
  number={2-3},
  pages={145--159},
  year={2009},
  publisher={Taylor \& Francis}
}

@inproceedings{breitenbach2005clustering,
  title={Clustering through ranking on manifolds},
  author={Breitenbach, M. and Grudic, G.Z.},
  booktitle={Proceedings of the 22nd international conference on Machine learning},
  pages={73--80},
  year={2005},
  organization={ACM}
}

@inproceedings{turk1991face,
  title={Face recognition using eigenfaces},
  author={Turk, M.A. and Pentland, A.P.},
  booktitle={Computer Vision and Pattern Recognition, 1991. Proceedings CVPR'91., IEEE Computer Society Conference on},
  pages={586--591},
  year={1991},
  organization={IEEE}
}

@article{khotanzad1990invariant,
  title={Invariant image recognition by Zernike moments},
  author={Khotanzad, A. and Hong, Y.H.},
  journal={Pattern Analysis and Machine Intelligence, IEEE Transactions on},
  volume={12},
  number={5},
  pages={489--497},
  year={1990},
  publisher={IEEE}
}

@inproceedings{fogel1993impact,
  title={The impact of machine learning on expert systems},
  author={Fogel, D. and Hanson, J.C. and Kick, R. and Malki, H.A. and Sigwart, C. and Stinson, M. and Turban, E. and Chairman-Rubin, S.H.},
  booktitle={Proceedings of the 1993 ACM conference on Computer science},
  pages={522--527},
  year={1993},
  organization={ACM}
}

@article{hutchins1997fifty,
  title={Fifty years of the computer and translation},
  author={Hutchins, J.},
  journal={Machine Translation Review},
  volume={6},
  pages={22--24},
  year={1997}
}

@ARTICLE{6155600,
author={Ni, Y. and McVicar, M. and Santos-Rodriguez, R. and De Bie, T.},
journal={Audio, Speech, and Language Processing, IEEE Transactions on}, title={An End-to-End Machine Learning System for Harmonic Analysis of Music},
year={2012},
month={aug. },
volume={20},
number={6},
pages={1771 -1783},
keywords={},
doi={10.1109/TASL.2012.2188516},
ISSN={1558-7916},}

@article{krueger2009flexible,
  title={{Flexible shaping: How learning in small steps helps}},
  author={Krueger, K.A. and Dayan, P.},
  journal={Cognition},
  volume={110},
  number={3},
  pages={380--394},
  issn={0010-0277},
  year={2009},
  publisher={Elsevier}
}

@article{elman1993learning,
  title={{Learning and development in neural networks: the importance of starting small}},
  author={Elman, J.L.},
  journal={Cognition},
  volume={48},
  number={1},
  pages={71--99},
  issn={0010-0277},
  year={1993},
  publisher={Elsevier}
}

@conference{bengio2009curriculum,
  title={{Curriculum learning}},
  author={Bengio, Y. and Louradour, J. and Collobert, R. and Weston, J.},
  booktitle={Proceedings of International Conference on Machine Learning},
  pages={41--48},
  year={2009},
  organization={ACM}
}

@book{johnson2007two,
  title={Two's company, three is complexity: a simple guide to the science of all sciences},
  author={Johnson, N.F.},
  year={2007},
  publisher={Oneworld Publications Ltd}
}

@article{conklin1990prediction,
  title={Prediction and entropy of music},
  author={Conklin, D. and Witten, I.H.},
  journal={Master's thesis, Department of Computer Science, University of Calgary},
  year={1990}
}
@book{cope2008hidden,
  title={Hidden structure: music analysis using computers},
  author={Cope, D.},
  volume={23},
  year={2008},
  publisher={AR Editions}
}

@PhdThesis{streich2007music,
author = {Streich, S.},
title = {Music complexity: a multi-faceted description of audio content},
school = {Universitat Pompeu Fabra},
year = {2007},
}

@inproceedings{mauch2011structural,
  title={Structural Change on Multiple Time Scales as a Correlate of Musical Complexity},
  author={Mauch, M. and Levy, M.},
  booktitle={Proceedings of the 12th International Conference on Music Information Retrieval (ISMIR 2011)},
  pages={489--494},
  year={2011}
}

@inproceedings{niculescu2007inductive,
  title={Inductive transfer for {B}ayesian network structure learning},
  author={Niculescu-Mizil, A. and Caruana, R.},
  booktitle={Eleventh International Conference on Artificial Intelligence and Statistics (AISTATS-07)},
  year={2007},
}

@inproceedings{levenshtein1966binary,
  title={Binary codes capable of correcting deletions, insertions, and reversals},
  author={Levenshtein, V.I.},
  booktitle={Soviet physics doklady},
  volume={10},
  number={8},
  pages={707--710},
  year={1966}
}

@inproceedings{tjong2003introduction,
  title={Introduction to the {CoNLL}-2003 shared task: Language-independent named entity recognition},
  author={Tjong Kim Sang, E.F. and De Meulder, F.},
  booktitle={Proceedings of the seventh conference on natural language learning at HLT-NAACL 2003-Volume 4},
  pages={142--147},
  year={2003},
  organization={Association for Computational Linguistics}
}

@inproceedings{mcvicarcca,
  title={{CCA} and a Multi-way Extension for Investigating Common Components between Audio, Lyrics and Tags.},
  author={McVicar, M. and De Bie, T.},
  booktitle={Proceedings of the 9th International Symposium on Computer Music Modelling and Retrieval (CMMR)},
  year={2012}
}

